<record><leader>00000cas a22000007a 4500</leader><controlfield tag="001">21479078</controlfield><controlfield tag="007">hd afu---buca</controlfield><controlfield tag="008">900504d18221822ctuwr n a     0    0eng d</controlfield><datafield ind1=" " ind2=" " tag="010"><subfield code="a">sn 90022325 </subfield></datafield><datafield ind1=" " ind2=" " tag="040"><subfield code="a">SOI</subfield><subfield code="b">eng</subfield><subfield code="c">SOI</subfield><subfield code="d">HUL</subfield><subfield code="d">BOS</subfield><subfield code="d">OCLCQ</subfield><subfield code="d">OCLCO</subfield><subfield code="d">OCLCF</subfield></datafield><datafield ind1=" " ind2=" " tag="012"><subfield code="i">9005</subfield></datafield><datafield ind1="1" ind2=" " tag="029"><subfield code="a">AU@</subfield><subfield code="b">000007496740</subfield></datafield><datafield ind1=" " ind2=" " tag="042"><subfield code="a">msc</subfield></datafield><datafield ind1=" " ind2=" " tag="043"><subfield code="a">n-us-ct</subfield></datafield><datafield ind1="1" ind2="4" tag="050"><subfield code="a">AN20.C6</subfield><subfield code="b">L58</subfield></datafield><datafield ind1="0" ind2="4" tag="245"><subfield code="a">The Miscellany, or Juvenile folio</subfield><subfield code="h">[microform].</subfield></datafield><datafield ind1="3" ind2="0" tag="246"><subfield code="a">Juvenile folio</subfield></datafield><datafield ind1=" " ind2=" " tag="260"><subfield code="a">Litchfield, Conn. :</subfield><subfield code="b">H. Ward,</subfield><subfield code="c">1822.</subfield></datafield><datafield ind1=" " ind2=" " tag="300"><subfield code="a">v.</subfield></datafield><datafield ind1=" " ind2=" " tag="310"><subfield code="a">Weekly</subfield></datafield><datafield ind1="0" ind2=" " tag="362"><subfield code="a">Vol. 1, no. 1 (Feb. 9, 1822)-v. 1, no. 24 (July 31, 1822).</subfield></datafield><datafield ind1=" " ind2=" " tag="500"><subfield code="a">Title form caption.</subfield></datafield><datafield ind1=" " ind2=" " tag="533"><subfield code="a">Microfilm.</subfield><subfield code="b">New Canaan, Ct. :</subfield><subfield code="c">Readex Microprint,</subfield><subfield code="d">19--?-</subfield><subfield code="e">microfilm reels ; 35 mm.</subfield><subfield code="f">(Early American newspapers).</subfield></datafield><datafield ind1=" " ind2="0" tag="651"><subfield code="a">Litchfield (Conn.)</subfield><subfield code="v">Newspapers.</subfield></datafield><datafield ind1=" " ind2="7" tag="655"><subfield code="a">Newspapers.</subfield><subfield code="2">fast</subfield><subfield code="0">(OCoLC)fst01423814</subfield></datafield><datafield ind1=" " ind2="7" tag="651"><subfield code="a">Connecticut</subfield><subfield code="z">Litchfield.</subfield><subfield code="2">fast</subfield><subfield code="0">(OCoLC)fst01224866</subfield></datafield><datafield ind1=" " ind2=" " tag="752"><subfield code="a">United States</subfield><subfield code="b">Connecticut</subfield><subfield code="d">Litchfield.</subfield></datafield><datafield ind1="0" ind2="0" tag="780"><subfield code="t">Miscellany (Litchfield, Conn.)</subfield><subfield code="w">(DLC)sn 90022326</subfield><subfield code="w">(OCoLC)21479043</subfield></datafield><datafield ind1="0" ind2="0" tag="785"><subfield code="t">American eagle (Litchfield, Conn.)</subfield></datafield><datafield ind1=" " ind2="0" tag="830"><subfield code="a">Early American newspapers.</subfield></datafield><datafield ind1=" " ind2=" " tag="850"><subfield code="a">MH</subfield></datafield></record>